%an article
@article{lowry1951protein,
  title={Protein measurement with the Folin phenol reagent.},
  author={Lowry, Oliver H and Rosebrough, Nira J and Farr, A Lewis and Randall, Rose J and others},
  journal={Journal of biological chemistry},
  volume={193},
  pages={265--275},
  year={1951}
}

%a book
@book{mandelbrot1982fractal,
  title={The fractal geometry of nature},
  author={Mandelbrot, Benoit B and Mandelbrot, Benoit B},
  volume={1},
  year={1982},
  publisher={WH freeman New York}
}

%a dataset
@misc{gwi2018desal,
author = {{Media Analytics Ltd}},
title = {DesalData},
howpublished= {\url{https://www.desaldata.com/}},
year={2018}
}

%a technical report 
@misc{un2015sdgs,
author = {{United Nations, Department of Economic and Social Affairs - Sustainable Development}},
title = {Transforming our world: the 2030 Agenda for Sustainable Development},
pages = {16301},
ISBN = {A/RES/70/1},
howpublished = {\url{https://sdgs.un.org/2030agenda}},
year = {2015},
type = {General Assembly}
}